@article {mcclure2003multivariable,
	AUTHOR = {McClure, James E. and Smith, Jeffrey H.},
	TITLE = {Multivariable cochain operations and little {$n$}-cubes},
	JOURNAL = {J. Amer. Math. Soc.},
	FJOURNAL = {Journal of the American Mathematical Society},
	VOLUME = {16},
	YEAR = {2003},
	NUMBER = {3},
	PAGES = {681--704},
	ISSN = {0894-0347},
	MRCLASS = {55P48 (18D50)},
	MRNUMBER = {1969208},
	MRREVIEWER = {Beno\^{\i}t Fresse},
	DOI = {10.1090/S0894-0347-03-00419-3},
	URL = {https://doi.org/10.1090/S0894-0347-03-00419-3},
}

@article {berger2004combinatorial,
	AUTHOR = {Berger, Clemens and Fresse, Benoit},
	TITLE = {Combinatorial operad actions on cochains},
	JOURNAL = {Math. Proc. Cambridge Philos. Soc.},
	FJOURNAL = {Mathematical Proceedings of the Cambridge Philosophical
	Society},
	VOLUME = {137},
	YEAR = {2004},
	NUMBER = {1},
	PAGES = {135--174},
	ISSN = {0305-0041},
	MRCLASS = {18D50 (16E45 55P48)},
	MRNUMBER = {2075046},
	MRREVIEWER = {David Chataur},
	DOI = {10.1017/S0305004103007138},
	URL = {https://doi.org/10.1017/S0305004103007138},
}

@article {cisinski2006presheaves,
	AUTHOR = {Cisinski, Denis-Charles},
	TITLE = {Les pr\'{e}faisceaux comme mod\`eles des types d'homotopie},
	JOURNAL = {Ast\'{e}risque},
	FJOURNAL = {Ast\'{e}risque},
	NUMBER = {308},
	YEAR = {2006},
	PAGES = {xxiv+390},
	ISSN = {0303-1179},
	ISBN = {978-2-85629-225-9},
	MRCLASS = {55-02 (18F20 18G50 55P60 55U35)},
	MRNUMBER = {2294028},
	MRREVIEWER = {Philippe Gaucher},
}

@book{Boardman2006homotopy,
	title={Homotopy invariant algebraic structures on topological spaces},
	author={Boardman, John Michael and Vogt, Rainer M},
	volume={347},
	year={2006},
	publisher={Springer}
}

@article{Serre1951homologie,
	title={Homologie singuli{\`e}re des espaces fibr{\'e}s},
	author={Serre, Jean-Pierre},
	journal={Annals of Mathematics},
	pages={425--505},
	year={1951},
	publisher={JSTOR}
}

@article{Eilenberg1953acyclic,
	title={Acyclic models},
	author={Eilenberg, Samuel and MacLane, Saunders},
	journal={American journal of mathematics},
	volume={75},
	number={1},
	pages={189--199},
	year={1953},
	publisher={JSTOR}
}


@incollection {Markl08,
    AUTHOR = {Markl, Martin},
     TITLE = {Operads and {PROP}s},
 BOOKTITLE = {Handbook of algebra. {V}ol. 5},
    SERIES = {Handb. Algebr.},
    VOLUME = {5},
     PAGES = {87--140},
 PUBLISHER = {Elsevier/North-Holland, Amsterdam},
      YEAR = {2008},
   MRCLASS = {18D50},
  MRNUMBER = {2523450},
       DOI = {10.1016/S1570-7954(07)05002-4},
       URL = {https://doi.org/10.1016/S1570-7954(07)05002-4},
}

@article {Fresse2010props,
	AUTHOR = {Fresse, Benoit},
	TITLE = {Props in model categories and homotopy invariance of
	structures},
	JOURNAL = {Georgian Math. J.},
	FJOURNAL = {Georgian Mathematical Journal},
	VOLUME = {17},
	YEAR = {2010},
	NUMBER = {1},
	PAGES = {79--160},
	ISSN = {1072-947X},
	MRCLASS = {18D50 (16E45 18G55 55P10)},
	MRNUMBER = {2640648},
	MRREVIEWER = {Bruno Vallette},
}

@article {Medina20prop1,
	AUTHOR = {Medina-Mardones, Anibal M.},
	TITLE = {A finitely presented {$E_\infty$}-prop {I}: algebraic context},
	JOURNAL = {High. Struct.},
	FJOURNAL = {Higher Structures},
	VOLUME = {4},
	YEAR = {2020},
	NUMBER = {2},
	PAGES = {1--21},
	MRCLASS = {55P48 (18M85 18N50)},
	MRNUMBER = {4133162},
}

@article{Getzler1994operads,
	title={Operads, homotopy algebra and iterated integrals for double loop spaces},
	author={Getzler, Ezra and Jones, John DS},
	journal={arXiv preprint hep-th/9403055},
	year={1994}
}

@incollection {Moerdijk1999monads,
	AUTHOR = {Moerdijk, I.},
	TITLE = {Monads on tensor categories},
	NOTE = {Category theory 1999 (Coimbra)},
	JOURNAL = {J. Pure Appl. Algebra},
	FJOURNAL = {Journal of Pure and Applied Algebra},
	VOLUME = {168},
	YEAR = {2002},
	NUMBER = {2-3},
	PAGES = {189--208},
	ISSN = {0022-4049},
	MRCLASS = {18D10},
	MRNUMBER = {1887157},
	MRREVIEWER = {Kimmo I. Rosenthal},
	DOI = {10.1016/S0022-4049(01)00096-2},
	URL = {https://doi.org/10.1016/S0022-4049(01)00096-2},
}

@article {Kadeishvili03cup-i,
	AUTHOR = {Kadeishvili, T.},
	TITLE = {Cochain operations defining {S}teenrod {$\smile_i$}-products
	in the bar construction},
	JOURNAL = {Georgian Math. J.},
	FJOURNAL = {Georgian Mathematical Journal},
	VOLUME = {10},
	YEAR = {2003},
	NUMBER = {1},
	PAGES = {115--125},
	ISSN = {1072-947X},
	MRCLASS = {55P48 (55S10 57T30)},
	MRNUMBER = {1990691},
	MRREVIEWER = {Dai Tamaki},
}

@article {Kadeishvili99coproducts,
	AUTHOR = {Kadeishvili, T.},
	TITLE = {D{G} {H}opf algebras with {S}teenrod's {$i$}-th coproducts},
	JOURNAL = {Proc. A. Razmadze Math. Inst.},
	FJOURNAL = {Georgian Academy of Sciences. Proceedings of A. Razmadze
	Mathematical Institute},
	VOLUME = {119},
	YEAR = {1999},
	PAGES = {73--84},
	ISSN = {1512-0007},
	MRCLASS = {55S05 (16W30)},
	MRNUMBER = {1710566},
}

@incollection {Pilarczyk2016cubical,
	AUTHOR = {Kr\v{c}\'{a}l, Marek and Pilarczyk, Pawe\l },
	TITLE = {Computation of cubical {S}teenrod squares},
	BOOKTITLE = {Computational topology in image context},
	SERIES = {Lecture Notes in Comput. Sci.},
	VOLUME = {9667},
	PAGES = {140--151},
	PUBLISHER = {Springer, [Cham]},
	YEAR = {2016},
	MRCLASS = {55N45 (55U15 68W30)},
	MRNUMBER = {3533883},
	DOI = {10.1007/978-3-319-39441-1\_13},
	URL = {https://doi.org/10.1007/978-3-319-39441-1_13},
}

@article {Fresse03construction,
	AUTHOR = {Fresse, Benoit},
	TITLE = {La construction bar d'une alg\`ebre comme alg\`ebre de {H}opf
	{$E$}-infini},
	JOURNAL = {C. R. Math. Acad. Sci. Paris},
	FJOURNAL = {Comptes Rendus Math\'{e}matique. Acad\'{e}mie des Sciences. Paris},
	VOLUME = {337},
	YEAR = {2003},
	NUMBER = {6},
	PAGES = {403--408},
	ISSN = {1631-073X},
	MRCLASS = {18D50},
	MRNUMBER = {2015084},
	DOI = {10.1016/S1631-073X(03)00354-6},
	URL = {https://doi.org/10.1016/S1631-073X(03)00354-6},
}

@article {Smith94cobar,
	AUTHOR = {Smith, Justin R.},
	TITLE = {Iterating the cobar construction},
	JOURNAL = {Mem. Amer. Math. Soc.},
	FJOURNAL = {Memoirs of the American Mathematical Society},
	VOLUME = {109},
	YEAR = {1994},
	NUMBER = {524},
	PAGES = {viii+141},
	ISSN = {0065-9266},
	MRCLASS = {55U15 (55P35 55R20 57T30)},
	MRNUMBER = {1208225},
	MRREVIEWER = {J. P. May},
	DOI = {10.1090/memo/0524},
	URL = {https://doi.org/10.1090/memo/0524},
}

@article {Fresse10complex,
	AUTHOR = {Fresse, Benoit},
	TITLE = {The bar complex of an {$E$}-infinity algebra},
	JOURNAL = {Adv. Math.},
	FJOURNAL = {Advances in Mathematics},
	VOLUME = {223},
	YEAR = {2010},
	NUMBER = {6},
	PAGES = {2049--2096},
	ISSN = {0001-8708},
	MRCLASS = {57T30 (18G55 55P35 55P48)},
	MRNUMBER = {2601008},
	MRREVIEWER = {David Chataur},
	DOI = {10.1016/j.aim.2009.08.022},
	URL = {https://doi.org/10.1016/j.aim.2009.08.022},
}