@book{steenrod1962cohomology,
	title={Cohomology operations},
	author={Steenrod, Norman Earl and Epstein, David BA},
	number={50},
	year={1962},
	publisher={Princeton University Press}
}

@inproceedings {may1970general,
	AUTHOR = {May, J. Peter},
	TITLE = {A general algebraic approach to {S}teenrod operations},
	BOOKTITLE = {The {S}teenrod {A}lgebra and its {A}pplications ({P}roc.
	{C}onf. to {C}elebrate {N}. {E}. {S}teenrod's {S}ixtieth
	{B}irthday, {B}attelle {M}emorial {I}nst., {C}olumbus, {O}hio,
	1970)},
	SERIES = {Lecture Notes in Mathematics, Vol. 168},
	PAGES = {153--231},
	PUBLISHER = {Springer, Berlin},
	YEAR = {1970},
	MRCLASS = {55.34 (18.00)},
	MRNUMBER = {0281196},
	MRREVIEWER = {W. D. Barcus},
}

@article {grandis2003cubicalsite,
	AUTHOR = {Grandis, Marco and Mauri, Luca},
	TITLE = {Cubical sets and their site},
	JOURNAL = {Theory Appl. Categ.},
	FJOURNAL = {Theory and Applications of Categories},
	VOLUME = {11},
	YEAR = {2003},
	PAGES = {No. 8, 185--211},
	MRCLASS = {18G30 (18C10 18D10 55U10)},
	MRNUMBER = {1988396},
}

@article {agol2013haken,
	AUTHOR = {Agol, Ian},
	TITLE = {The virtual {H}aken conjecture},
	NOTE = {With an appendix by Agol, Daniel Groves, and Jason Manning},
	JOURNAL = {Doc. Math.},
	FJOURNAL = {Documenta Mathematica},
	VOLUME = {18},
	YEAR = {2013},
	PAGES = {1045--1087},
	ISSN = {1431-0635},
	MRCLASS = {20F67 (57Mxx)},
	MRNUMBER = {3104553},
	MRREVIEWER = {Thomas Koberda},
}

@incollection {gromov1987hyperbolic,
	AUTHOR = {Gromov, M.},
	TITLE = {Hyperbolic groups},
	BOOKTITLE = {Essays in group theory},
	SERIES = {Math. Sci. Res. Inst. Publ.},
	VOLUME = {8},
	PAGES = {75--263},
	PUBLISHER = {Springer, New York},
	YEAR = {1987},
	MRCLASS = {20F32 (20F06 20F10 22E40 53C20 57R75 58F17)},
	MRNUMBER = {919829},
	MRREVIEWER = {Christopher W. Stark},
	DOI = {10.1007/978-1-4613-9586-7\_3},
	URL = {https://doi.org/10.1007/978-1-4613-9586-7_3},
}

@article {baues1998hopf,
	AUTHOR = {Baues, Hans-Joachim},
	TITLE = {The cobar construction as a {H}opf algebra},
	JOURNAL = {Invent. Math.},
	FJOURNAL = {Inventiones Mathematicae},
	VOLUME = {132},
	YEAR = {1998},
	NUMBER = {3},
	PAGES = {467--489},
	ISSN = {0020-9910},
	MRCLASS = {55P35 (18G50 55P62)},
	MRNUMBER = {1625728},
	MRREVIEWER = {Paul G. Goerss},
	DOI = {10.1007/s002220050231},
	URL = {https://doi.org/10.1007/s002220050231},
}

@article {adams1956cobar,
	AUTHOR = {Adams, J. F.},
	TITLE = {On the cobar construction},
	JOURNAL = {Proc. Nat. Acad. Sci. U.S.A.},
	FJOURNAL = {Proceedings of the National Academy of Sciences of the United
	States of America},
	VOLUME = {42},
	YEAR = {1956},
	PAGES = {409--412},
	ISSN = {0027-8424},
	MRCLASS = {55.0X},
	MRNUMBER = {79266},
	MRREVIEWER = {W. S. Massey},
	DOI = {10.1073/pnas.42.7.409},
	URL = {https://doi.org/10.1073/pnas.42.7.409},
}

@book {tomasz2004computational,
	AUTHOR = {Kaczynski, Tomasz and Mischaikow, Konstantin and Mrozek,
	Marian},
	TITLE = {Computational homology},
	SERIES = {Applied Mathematical Sciences},
	VOLUME = {157},
	PUBLISHER = {Springer-Verlag, New York},
	YEAR = {2004},
	PAGES = {xviii+480},
	ISBN = {0-387-40853-3},
	MRCLASS = {55-02 (37B30 55M20 55M25 68U10 94A08)},
	MRNUMBER = {2028588},
	MRREVIEWER = {Andrzej Kozlowski},
	DOI = {10.1007/b97315},
	URL = {https://doi.org/10.1007/b97315},
}

@article{mortberg2019cubical,
	title={Cubical Methods in Homotopy Type Theory and Univalent Foundations},
	author={M{\"o}rtberg, Anders},
	year={2019}
}

@article {kapulkin2020straightening,
	AUTHOR = {Kapulkin, Krzysztof and Voevodsky, Vladimir},
	TITLE = {A cubical approach to straightening},
	JOURNAL = {J. Topol.},
	FJOURNAL = {Journal of Topology},
	VOLUME = {13},
	YEAR = {2020},
	NUMBER = {4},
	PAGES = {1682--1700},
	ISSN = {1753-8416},
	MRCLASS = {18N50 (18F20 18G99 55U35 55U40)},
	MRNUMBER = {4186141},
	DOI = {10.1112/topo.12173},
	URL = {https://doi.org/10.1112/topo.12173},
}

@article {kan1955abstract,
	AUTHOR = {Kan, Daniel M.},
	TITLE = {Abstract homotopy. {I}},
	JOURNAL = {Proc. Nat. Acad. Sci. U.S.A.},
	FJOURNAL = {Proceedings of the National Academy of Sciences of the United
	States of America},
	VOLUME = {41},
	YEAR = {1955},
	PAGES = {1092--1096},
	ISSN = {0027-8424},
	MRCLASS = {55.0X},
	MRNUMBER = {79762},
	MRREVIEWER = {J. C. Moore},
	DOI = {10.1073/pnas.41.12.1092},
	URL = {https://doi.org/10.1073/pnas.41.12.1092},
}

@article {kan1956abstract,
	AUTHOR = {Kan, Daniel M.},
	TITLE = {Abstract homotopy. {II}},
	JOURNAL = {Proc. Nat. Acad. Sci. U.S.A.},
	FJOURNAL = {Proceedings of the National Academy of Sciences of the United
	States of America},
	VOLUME = {42},
	YEAR = {1956},
	PAGES = {255--258},
	ISSN = {0027-8424},
	MRCLASS = {55.0X},
	MRNUMBER = {79763},
	MRREVIEWER = {J. C. Moore},
	DOI = {10.1073/pnas.42.5.255},
	URL = {https://doi.org/10.1073/pnas.42.5.255},
}

@article {mcclure2003multivariable,
	AUTHOR = {McClure, James E. and Smith, Jeffrey H.},
	TITLE = {Multivariable cochain operations and little {$n$}-cubes},
	JOURNAL = {J. Amer. Math. Soc.},
	FJOURNAL = {Journal of the American Mathematical Society},
	VOLUME = {16},
	YEAR = {2003},
	NUMBER = {3},
	PAGES = {681--704},
	ISSN = {0894-0347},
	MRCLASS = {55P48 (18D50)},
	MRNUMBER = {1969208},
	MRREVIEWER = {Beno\^{\i}t Fresse},
	DOI = {10.1090/S0894-0347-03-00419-3},
	URL = {https://doi.org/10.1090/S0894-0347-03-00419-3},
}

@article {berger2004combinatorial,
	AUTHOR = {Berger, Clemens and Fresse, Benoit},
	TITLE = {Combinatorial operad actions on cochains},
	JOURNAL = {Math. Proc. Cambridge Philos. Soc.},
	FJOURNAL = {Mathematical Proceedings of the Cambridge Philosophical
	Society},
	VOLUME = {137},
	YEAR = {2004},
	NUMBER = {1},
	PAGES = {135--174},
	ISSN = {0305-0041},
	MRCLASS = {18D50 (16E45 55P48)},
	MRNUMBER = {2075046},
	MRREVIEWER = {David Chataur},
	DOI = {10.1017/S0305004103007138},
	URL = {https://doi.org/10.1017/S0305004103007138},
}

@article {cisinski2006presheaves,
	AUTHOR = {Cisinski, Denis-Charles},
	TITLE = {Les pr\'{e}faisceaux comme mod\`eles des types d'homotopie},
	JOURNAL = {Ast\'{e}risque},
	FJOURNAL = {Ast\'{e}risque},
	NUMBER = {308},
	YEAR = {2006},
	PAGES = {xxiv+390},
	ISSN = {0303-1179},
	ISBN = {978-2-85629-225-9},
	MRCLASS = {55-02 (18F20 18G50 55P60 55U35)},
	MRNUMBER = {2294028},
	MRREVIEWER = {Philippe Gaucher},
}

@book{Boardman2006homotopy,
	title={Homotopy invariant algebraic structures on topological spaces},
	author={Boardman, John Michael and Vogt, Rainer M},
	volume={347},
	year={2006},
	publisher={Springer}
}

@article{Serre1951homologie,
	title={Homologie singuli{\`e}re des espaces fibr{\'e}s},
	author={Serre, Jean-Pierre},
	journal={Annals of Mathematics},
	pages={425--505},
	year={1951},
	publisher={JSTOR}
}

@article{Eilenberg1953acyclic,
	title={Acyclic models},
	author={Eilenberg, Samuel and MacLane, Saunders},
	journal={American journal of mathematics},
	volume={75},
	number={1},
	pages={189--199},
	year={1953},
	publisher={JSTOR}
}


@incollection {Markl08,
    AUTHOR = {Markl, Martin},
     TITLE = {Operads and {PROP}s},
 BOOKTITLE = {Handbook of algebra. {V}ol. 5},
    SERIES = {Handb. Algebr.},
    VOLUME = {5},
     PAGES = {87--140},
 PUBLISHER = {Elsevier/North-Holland, Amsterdam},
      YEAR = {2008},
   MRCLASS = {18D50},
  MRNUMBER = {2523450},
       DOI = {10.1016/S1570-7954(07)05002-4},
       URL = {https://doi.org/10.1016/S1570-7954(07)05002-4},
}

@article {Fresse2010props,
	AUTHOR = {Fresse, Benoit},
	TITLE = {Props in model categories and homotopy invariance of
	structures},
	JOURNAL = {Georgian Math. J.},
	FJOURNAL = {Georgian Mathematical Journal},
	VOLUME = {17},
	YEAR = {2010},
	NUMBER = {1},
	PAGES = {79--160},
	ISSN = {1072-947X},
	MRCLASS = {18D50 (16E45 18G55 55P10)},
	MRNUMBER = {2640648},
	MRREVIEWER = {Bruno Vallette},
}

@article{Getzler1994operads,
	title={Operads, homotopy algebra and iterated integrals for double loop spaces},
	author={Getzler, Ezra and Jones, John DS},
	journal={arXiv preprint hep-th/9403055},
	year={1994}
}

@incollection {Moerdijk1999monads,
	AUTHOR = {Moerdijk, I.},
	TITLE = {Monads on tensor categories},
	NOTE = {Category theory 1999 (Coimbra)},
	JOURNAL = {J. Pure Appl. Algebra},
	FJOURNAL = {Journal of Pure and Applied Algebra},
	VOLUME = {168},
	YEAR = {2002},
	NUMBER = {2-3},
	PAGES = {189--208},
	ISSN = {0022-4049},
	MRCLASS = {18D10},
	MRNUMBER = {1887157},
	MRREVIEWER = {Kimmo I. Rosenthal},
	DOI = {10.1016/S0022-4049(01)00096-2},
	URL = {https://doi.org/10.1016/S0022-4049(01)00096-2},
}

@article {kadeishvili03cup-i,
	AUTHOR = {Kadeishvili, T.},
	TITLE = {Cochain operations defining {S}teenrod {$\smile_i$}-products
	in the bar construction},
	JOURNAL = {Georgian Math. J.},
	FJOURNAL = {Georgian Mathematical Journal},
	VOLUME = {10},
	YEAR = {2003},
	NUMBER = {1},
	PAGES = {115--125},
	ISSN = {1072-947X},
	MRCLASS = {55P48 (55S10 57T30)},
	MRNUMBER = {1990691},
	MRREVIEWER = {Dai Tamaki},
}

@article {Kadeishvili99coproducts,
	AUTHOR = {Kadeishvili, T.},
	TITLE = {D{G} {H}opf algebras with {S}teenrod's {$i$}-th coproducts},
	JOURNAL = {Proc. A. Razmadze Math. Inst.},
	FJOURNAL = {Georgian Academy of Sciences. Proceedings of A. Razmadze
	Mathematical Institute},
	VOLUME = {119},
	YEAR = {1999},
	PAGES = {73--84},
	ISSN = {1512-0007},
	MRCLASS = {55S05 (16W30)},
	MRNUMBER = {1710566},
}

@incollection {pilarczyk2016cubical,
	AUTHOR = {Kr\v{c}\'{a}l, Marek and Pilarczyk, Pawe\l },
	TITLE = {Computation of cubical {S}teenrod squares},
	BOOKTITLE = {Computational topology in image context},
	SERIES = {Lecture Notes in Comput. Sci.},
	VOLUME = {9667},
	PAGES = {140--151},
	PUBLISHER = {Springer, [Cham]},
	YEAR = {2016},
	MRCLASS = {55N45 (55U15 68W30)},
	MRNUMBER = {3533883},
	DOI = {10.1007/978-3-319-39441-1\_13},
	URL = {https://doi.org/10.1007/978-3-319-39441-1_13},
}

@article {Fresse03construction,
	AUTHOR = {Fresse, Benoit},
	TITLE = {La construction bar d'une alg\`ebre comme alg\`ebre de {H}opf
	{$E$}-infini},
	JOURNAL = {C. R. Math. Acad. Sci. Paris},
	FJOURNAL = {Comptes Rendus Math\'{e}matique. Acad\'{e}mie des Sciences. Paris},
	VOLUME = {337},
	YEAR = {2003},
	NUMBER = {6},
	PAGES = {403--408},
	ISSN = {1631-073X},
	MRCLASS = {18D50},
	MRNUMBER = {2015084},
	DOI = {10.1016/S1631-073X(03)00354-6},
	URL = {https://doi.org/10.1016/S1631-073X(03)00354-6},
}

@article {Smith94cobar,
	AUTHOR = {Smith, Justin R.},
	TITLE = {Iterating the cobar construction},
	JOURNAL = {Mem. Amer. Math. Soc.},
	FJOURNAL = {Memoirs of the American Mathematical Society},
	VOLUME = {109},
	YEAR = {1994},
	NUMBER = {524},
	PAGES = {viii+141},
	ISSN = {0065-9266},
	MRCLASS = {55U15 (55P35 55R20 57T30)},
	MRNUMBER = {1208225},
	MRREVIEWER = {J. P. May},
	DOI = {10.1090/memo/0524},
	URL = {https://doi.org/10.1090/memo/0524},
}

@article {Fresse10complex,
	AUTHOR = {Fresse, Benoit},
	TITLE = {The bar complex of an {$E$}-infinity algebra},
	JOURNAL = {Adv. Math.},
	FJOURNAL = {Advances in Mathematics},
	VOLUME = {223},
	YEAR = {2010},
	NUMBER = {6},
	PAGES = {2049--2096},
	ISSN = {0001-8708},
	MRCLASS = {57T30 (18G55 55P35 55P48)},
	MRNUMBER = {2601008},
	MRREVIEWER = {David Chataur},
	DOI = {10.1016/j.aim.2009.08.022},
	URL = {https://doi.org/10.1016/j.aim.2009.08.022},
}

@article{medina2021cobar,
	title={The cobar construction as an ${E}_\infty$ Hopf algebra},
	author={Medina-Mardones, Anibal M. and Rivera, Manuel},
	note={In preparation},
	year={2021}
}

@unpublished{medina2021foundations,
	author={Greg Friedman and Anibal Medina-Mardones and Dev Sinha},
	title={Co-orientations, pull-back products, and the foundations of geometric cohomology},
	note={In preparation}
}

@article{medina2021flowing,
	title={Flowing from intersection product to cup product},
	author={Friedman, Greg and Medina-Mardones, Anibal M. and Sinha, Dev},
	journal={arXiv preprint arXiv:2106.05986},
	year={2021}
}

@article{medina2021cubical,
	title={A combinatorial ${E}_\infty$-algebra structure on cubical cochains},
	author={Medina-Mardones, Anibal M.},
	note={In preparation},
	year={2021}
}

@article{medina2021newformulas,
	title={New formulas for cup-$i$ products and fast computation of {S}teenrod squares},
	author={Medina-Mardones, Anibal M.},
	journal={arXiv preprint arXiv:2105.08025},
	year={2021}
}

@article{medina2021computer,
	title={A computer algebra system for the study of commutativity up-to-coherent homotopies},
	author={Medina-Mardones, Anibal M.},
	journal={arXiv preprint arXiv:2102.07670},
	year={2021}
}

@article{medina2021hyperharmonic,
	title={Hyperharmonic analysis for the study of high-order information-theoretic signals},
	author={Medina-Mardones, Anibal M. and Rosas, Fernando and Rodr{\'\i}guez, Sebasti{\'a}n E and Cofr{\'e}, Rodrigo},
	journal={Journal of Physics: Complexity},
	year={2021},
	publisher={IOP Publishing}
}

@article{medina2020maysteenrod,
	title={Cochain level {M}ay-{S}teenrod operations},
	author={Kaufmann, Ralph M and Medina-Mardones, Anibal M.},
	journal={arXiv preprint arXiv:2010.02571},
	year={2020}
}

@article{medina2020adem,
	title={A Cochain Level Proof of {A}dem Relations in the Mod 2 {S}teenrod Algebra},
	author={Brumfiel, Greg and Medina-Mardones, Anibal M. and Morgan, John},
	journal={arXiv preprint arXiv:2006.09354},
	year={2020}
}

@article{medina2021giotto,
	title={giotto-tda: A topological data analysis toolkit for machine learning and data exploration},
	author={Tauzin, Guillaume and Lupo, Umberto and Tunstall, Lewis and P{\'e}rez, Julian Burella and Caorsi, Matteo and Medina-Mardones, Anibal M. and Dassatti, Alberto and Hess, Kathryn},
	journal={Journal of Machine Learning Research},
	volume={22},
	number={39},
	pages={1--6},
	year={2021}
}

@article{medina2018prop2,
	title={A finitely presented ${E}_{\infty}$-Prop {II}: cellular Context},
	author={Medina-Mardones, Anibal M.},
	journal={arXiv preprint arXiv:1808.07132},
	year={2018}
}

@article{medina2018axiomatic,
	title={An axiomatic characterization of {S}teenrod's cup-$i$ products},
	author={Medina-Mardones, Anibal M.},
	journal={arXiv preprint arXiv:1810.06505},
	year={2018}
}

@article{medina2018persistence,
	title={Persistence {S}teenrod modules},
	author={Medina-Mardones, Anibal M.},
	journal={arXiv preprint arXiv:1812.05031},
	year={2018}
}

@article {medina2020prop1,
	AUTHOR = {Medina-Mardones, Anibal M.},
	TITLE = {A finitely presented {$E_\infty$}-prop {I}: algebraic context},
	JOURNAL = {High. Struct.},
	FJOURNAL = {Higher Structures},
	VOLUME = {4},
	YEAR = {2020},
	NUMBER = {2},
	PAGES = {1--21},
	MRCLASS = {55P48 (18M85 18N50)},
	MRNUMBER = {4133162},
}

@article {medina2020globular,
	AUTHOR = {Medina-Mardones, Anibal M.},
	TITLE = {An algebraic representation of globular sets},
	JOURNAL = {Homology Homotopy Appl.},
	FJOURNAL = {Homology, Homotopy and Applications},
	VOLUME = {22},
	YEAR = {2020},
	NUMBER = {2},
	PAGES = {135--150},
	ISSN = {1532-0073},
	MRCLASS = {18N99 (18F99 55S05)},
	MRNUMBER = {4093174},
	DOI = {10.4310/hha.2020.v22.n2.a8},
	URL = {https://doi.org/10.4310/hha.2020.v22.n2.a8},
}

@article {medina2020cartan,
	AUTHOR = {Medina-Mardones, Anibal M.},
	TITLE = {An effective proof of the {C}artan formula: the even prime},
	JOURNAL = {J. Pure Appl. Algebra},
	FJOURNAL = {Journal of Pure and Applied Algebra},
	VOLUME = {224},
	YEAR = {2020},
	NUMBER = {12},
	PAGES = {106444, 18},
	ISSN = {0022-4049},
	MRCLASS = {55S10 (55S05 55S12)},
	MRNUMBER = {4102178},
	DOI = {10.1016/j.jpaa.2020.106444},
	URL = {https://doi.org/10.1016/j.jpaa.2020.106444},
}

@article{medina2021computer,
	title={A computer algebra system for the study of commutativity up-to-coherent homotopies},
	author={Medina-Mardones, Anibal M.},
	journal={arXiv preprint arXiv:2102.07670},
	year={2021}
}

@article{medina2020adem,
	title={A Cochain Level Proof of {A}dem Relations in the Mod 2 {S}teenrod Algebra},
	author={Brumfiel, Greg and Medina-Mardones, Anibal M. and Morgan, John},
	journal={arXiv preprint arXiv:2006.09354},
	year={2020}
}

@misc{medina2020giottotda,
	title={giotto-tda: A Topological Data Analysis Toolkit for Machine Learning and Data Exploration},
	author={Guillaume Tauzin and Umberto Lupo and Lewis Tunstall and Julian Burella Pérez and Matteo Caorsi and Anibal M. Medina-Mardones and Alberto Dassatti and Kathryn Hess},
	year={2020},
	eprint={2004.02551},
	archivePrefix={arXiv},
	primaryClass={cs.LG}
}

@article{medina2018prop2,
	title={A finitely presented ${E}_{\infty}$-Prop {II}: cellular Context},
	author={Medina-Mardones, Anibal M.},
	journal={arXiv preprint arXiv:1808.07132},
	year={2018}
}

@article{medina2018axiomatic,
	title={An axiomatic characterization of {S}teenrod's cup-$i$ products},
	author={Medina-Mardones, Anibal M.},
	journal={arXiv preprint arXiv:1810.06505},
	year={2018}
}

@article{medina2018persistence,
	title={Persistence {S}teenrod modules},
	author={Medina-Mardones, Anibal M.},
	journal={arXiv preprint arXiv:1812.05031},
	year={2018}
}

@article {medina2020prop1,
	AUTHOR = {Medina-Mardones, Anibal M.},
	TITLE = {A finitely presented {$E_\infty$}-prop {I}: algebraic context},
	JOURNAL = {High. Struct.},
	FJOURNAL = {Higher Structures},
	VOLUME = {4},
	YEAR = {2020},
	NUMBER = {2},
	PAGES = {1--21},
	MRCLASS = {55P48 (18M85 18N50)},
	MRNUMBER = {4133162},
}

@article {medina2020globular,
	AUTHOR = {Medina-Mardones, Anibal M.},
	TITLE = {An algebraic representation of globular sets},
	JOURNAL = {Homology Homotopy Appl.},
	FJOURNAL = {Homology, Homotopy and Applications},
	VOLUME = {22},
	YEAR = {2020},
	NUMBER = {2},
	PAGES = {135--150},
	ISSN = {1532-0073},
	MRCLASS = {18N99 (18F99 55S05)},
	MRNUMBER = {4093174},
	DOI = {10.4310/hha.2020.v22.n2.a8},
	URL = {https://doi.org/10.4310/hha.2020.v22.n2.a8},
}

@article {medina2020cartan,
	AUTHOR = {Medina-Mardones, Anibal M.},
	TITLE = {An effective proof of the {C}artan formula: the even prime},
	JOURNAL = {J. Pure Appl. Algebra},
	FJOURNAL = {Journal of Pure and Applied Algebra},
	VOLUME = {224},
	YEAR = {2020},
	NUMBER = {12},
	PAGES = {106444, 18},
	ISSN = {0022-4049},
	MRCLASS = {55S10 (55S05 55S12)},
	MRNUMBER = {4102178},
	DOI = {10.1016/j.jpaa.2020.106444},
	URL = {https://doi.org/10.1016/j.jpaa.2020.106444},
}