@book{steenrod1962cohomology,
	ISBN = {9780691079240},
	URL = {http://www.jstor.org/stable/j.ctt1b7x52h},
	abstract = {Written and revised by D. B. A. Epstein.},
	author = {N. E. Steenrod and D. B. A. Epstein},
	publisher = {Princeton University Press},
	title = {Cohomology Operations: Lectures by N.E. Steenrod.},
	year = {1962}
}

@article {mcclure2003multivariable,
	AUTHOR = {McClure, James E. and Smith, Jeffrey H.},
	TITLE = {Multivariable cochain operations and little {$n$}-cubes},
	JOURNAL = {J. Amer. Math. Soc.},
	FJOURNAL = {Journal of the American Mathematical Society},
	VOLUME = {16},
	YEAR = {2003},
	NUMBER = {3},
	PAGES = {681--704},
	ISSN = {0894-0347},
	MRCLASS = {55P48 (18D50)},
	MRNUMBER = {1969208},
	MRREVIEWER = {Beno\^{\i}t Fresse},
	DOI = {10.1090/S0894-0347-03-00419-3},
	URL = {https://doi.org/10.1090/S0894-0347-03-00419-3},
}

@article {berger2004combinatorial,
	AUTHOR = {Berger, Clemens and Fresse, Benoit},
	TITLE = {Combinatorial operad actions on cochains},
	JOURNAL = {Math. Proc. Cambridge Philos. Soc.},
	FJOURNAL = {Mathematical Proceedings of the Cambridge Philosophical
	Society},
	VOLUME = {137},
	YEAR = {2004},
	NUMBER = {1},
	PAGES = {135--174},
	ISSN = {0305-0041},
	MRCLASS = {18D50 (16E45 55P48)},
	MRNUMBER = {2075046},
	MRREVIEWER = {David Chataur},
	DOI = {10.1017/S0305004103007138},
	URL = {https://doi.org/10.1017/S0305004103007138},
}

@article {fresse2010props,
	AUTHOR = {Fresse, Benoit},
	TITLE = {Props in model categories and homotopy invariance of
	structures},
	JOURNAL = {Georgian Math. J.},
	FJOURNAL = {Georgian Mathematical Journal},
	VOLUME = {17},
	YEAR = {2010},
	NUMBER = {1},
	PAGES = {79--160},
	ISSN = {1072-947X},
	MRCLASS = {18D50 (16E45 18G55 55P10)},
	MRNUMBER = {2640648},
	MRREVIEWER = {Bruno Vallette},
}